%YAML 1.1
%TAG !u! tag:unity3d.com,2011:
--- !u!1 &8294534683927228819
GameObject:
  m_ObjectHideFlags: 0
  m_CorrespondingSourceObject: {fileID: 0}
  m_PrefabInstance: {fileID: 0}
  m_PrefabAsset: {fileID: 0}
  serializedVersion: 6
  m_Component:
  - component: {fileID: 8294534683927228816}
  - component: {fileID: 8449719483522250406}
  - component: {fileID: 2957736526049202975}
  - component: {fileID: 1391191765120453699}
  - component: {fileID: 838753239561584928}
  - component: {fileID: 2784372222789247755}
  - component: {fileID: 8294534683927228818}
  m_Layer: 0
  m_Name: SurfaceWetAsphalt
  m_TagString: Surface
  m_Icon: {fileID: 0}
  m_NavMeshLayer: 0
  m_StaticEditorFlags: 0
  m_IsActive: 1
--- !u!4 &8294534683927228816
Transform:
  m_ObjectHideFlags: 0
  m_CorrespondingSourceObject: {fileID: 0}
  m_PrefabInstance: {fileID: 0}
  m_PrefabAsset: {fileID: 0}
  m_GameObject: {fileID: 8294534683927228819}
  m_LocalRotation: {x: 0, y: -0.7071068, z: 0, w: 0.7071068}
  m_LocalPosition: {x: -44, y: 0, z: 41.42}
  m_LocalScale: {x: 1, y: 1, z: 1}
  m_Children: []
  m_Father: {fileID: 0}
  m_RootOrder: 0
  m_LocalEulerAnglesHint: {x: 0, y: -90, z: 0}
--- !u!114 &8449719483522250406
MonoBehaviour:
  m_ObjectHideFlags: 0
  m_CorrespondingSourceObject: {fileID: 0}
  m_PrefabInstance: {fileID: 0}
  m_PrefabAsset: {fileID: 0}
  m_GameObject: {fileID: 8294534683927228819}
  m_Enabled: 1
  m_EditorHideFlags: 0
  m_Script: {fileID: 11500000, guid: 8233d90336aea43098adf6dbabd606a2, type: 3}
  m_Name: 
  m_EditorClassIdentifier: 
  m_MeshFormatVersion: 1
  m_Faces:
  - m_Indexes: 030000000400000000000000010000000300000000000000010000000200000003000000
    m_SmoothingGroup: 0
    m_Uv:
      m_UseWorldSpace: 0
      m_FlipU: 0
      m_FlipV: 0
      m_SwapUV: 0
      m_Fill: 1
      m_Scale: {x: 1, y: 1}
      m_Offset: {x: 0, y: 0}
      m_Rotation: 0
      m_Anchor: 9
    m_Material: {fileID: 2100000, guid: c22777d6e868e4f2fb421913386b154e, type: 2}
    m_SubmeshIndex: 0
    m_ManualUV: 0
    elementGroup: 0
    m_TextureGroup: -1
  - m_Indexes: 050000000900000008000000070000000500000008000000070000000600000005000000
    m_SmoothingGroup: 0
    m_Uv:
      m_UseWorldSpace: 0
      m_FlipU: 0
      m_FlipV: 0
      m_SwapUV: 0
      m_Fill: 1
      m_Scale: {x: 1, y: 1}
      m_Offset: {x: 0, y: 0}
      m_Rotation: 0
      m_Anchor: 9
    m_Material: {fileID: 2100000, guid: c22777d6e868e4f2fb421913386b154e, type: 2}
    m_SubmeshIndex: 0
    m_ManualUV: 0
    elementGroup: 0
    m_TextureGroup: -1
  - m_Indexes: 0a0000000b0000000c0000000b0000000d0000000c000000
    m_SmoothingGroup: 0
    m_Uv:
      m_UseWorldSpace: 0
      m_FlipU: 0
      m_FlipV: 0
      m_SwapUV: 0
      m_Fill: 1
      m_Scale: {x: 1, y: 1}
      m_Offset: {x: 0, y: 0}
      m_Rotation: 0
      m_Anchor: 9
    m_Material: {fileID: 0}
    m_SubmeshIndex: 0
    m_ManualUV: 0
    elementGroup: -1
    m_TextureGroup: -1
  - m_Indexes: 0e0000000f000000100000000f0000001100000010000000
    m_SmoothingGroup: 0
    m_Uv:
      m_UseWorldSpace: 0
      m_FlipU: 0
      m_FlipV: 0
      m_SwapUV: 0
      m_Fill: 1
      m_Scale: {x: 1, y: 1}
      m_Offset: {x: 0, y: 0}
      m_Rotation: 0
      m_Anchor: 9
    m_Material: {fileID: 0}
    m_SubmeshIndex: 0
    m_ManualUV: 0
    elementGroup: -1
    m_TextureGroup: -1
  - m_Indexes: 120000001300000014000000130000001500000014000000
    m_SmoothingGroup: 0
    m_Uv:
      m_UseWorldSpace: 0
      m_FlipU: 0
      m_FlipV: 0
      m_SwapUV: 0
      m_Fill: 1
      m_Scale: {x: 1, y: 1}
      m_Offset: {x: 0, y: 0}
      m_Rotation: 0
      m_Anchor: 9
    m_Material: {fileID: 0}
    m_SubmeshIndex: 0
    m_ManualUV: 0
    elementGroup: -1
    m_TextureGroup: -1
  - m_Indexes: 160000001700000018000000170000001900000018000000
    m_SmoothingGroup: 0
    m_Uv:
      m_UseWorldSpace: 0
      m_FlipU: 0
      m_FlipV: 0
      m_SwapUV: 0
      m_Fill: 1
      m_Scale: {x: 1, y: 1}
      m_Offset: {x: 0, y: 0}
      m_Rotation: 0
      m_Anchor: 9
    m_Material: {fileID: 0}
    m_SubmeshIndex: 0
    m_ManualUV: 0
    elementGroup: -1
    m_TextureGroup: -1
  - m_Indexes: 1a0000001b0000001c0000001b0000001d0000001c000000
    m_SmoothingGroup: 0
    m_Uv:
      m_UseWorldSpace: 0
      m_FlipU: 0
      m_FlipV: 0
      m_SwapUV: 0
      m_Fill: 1
      m_Scale: {x: 1, y: 1}
      m_Offset: {x: 0, y: 0}
      m_Rotation: 0
      m_Anchor: 9
    m_Material: {fileID: 0}
    m_SubmeshIndex: 0
    m_ManualUV: 0
    elementGroup: -1
    m_TextureGroup: -1
  m_SharedVertices:
  - m_Vertices: 000000001100000014000000
  - m_Vertices: 070000000f00000012000000
  - m_Vertices: 010000001500000018000000
  - m_Vertices: 080000001300000016000000
  - m_Vertices: 02000000190000001c000000
  - m_Vertices: 09000000170000001a000000
  - m_Vertices: 030000000c0000001d000000
  - m_Vertices: 050000000a0000001b000000
  - m_Vertices: 040000000d00000010000000
  - m_Vertices: 060000000b0000000e000000
  m_SharedTextures: []
  m_Positions:
  - {x: 2.4550636, y: 0.1, z: 4.5521393}
  - {x: 2.0917265, y: 0.1, z: -14.0523205}
  - {x: -4.6535745, y: 0.1, z: -14.601662}
  - {x: -4.5759706, y: 0.1, z: -3.172821}
  - {x: -4.2200813, y: 0.1, z: 4.27131}
  - {x: -4.5759706, y: 0, z: -3.172821}
  - {x: -4.2200813, y: 0, z: 4.27131}
  - {x: 2.4550636, y: 0, z: 4.5521393}
  - {x: 2.0917265, y: 0, z: -14.0523205}
  - {x: -4.6535745, y: 0, z: -14.601662}
  - {x: -4.5759706, y: 0, z: -3.172821}
  - {x: -4.2200813, y: 0, z: 4.27131}
  - {x: -4.5759706, y: 0.1, z: -3.172821}
  - {x: -4.2200813, y: 0.1, z: 4.27131}
  - {x: -4.2200813, y: 0, z: 4.27131}
  - {x: 2.4550636, y: 0, z: 4.5521393}
  - {x: -4.2200813, y: 0.1, z: 4.27131}
  - {x: 2.4550636, y: 0.1, z: 4.5521393}
  - {x: 2.4550636, y: 0, z: 4.5521393}
  - {x: 2.0917265, y: 0, z: -14.0523205}
  - {x: 2.4550636, y: 0.1, z: 4.5521393}
  - {x: 2.0917265, y: 0.1, z: -14.0523205}
  - {x: 2.0917265, y: 0, z: -14.0523205}
  - {x: -4.6535745, y: 0, z: -14.601662}
  - {x: 2.0917265, y: 0.1, z: -14.0523205}
  - {x: -4.6535745, y: 0.1, z: -14.601662}
  - {x: -4.6535745, y: 0, z: -14.601662}
  - {x: -4.5759706, y: 0, z: -3.172821}
  - {x: -4.6535745, y: 0.1, z: -14.601662}
  - {x: -4.5759706, y: 0.1, z: -3.172821}
  m_Textures0:
  - {x: 2.4550636, y: 4.5521393}
  - {x: 2.0917265, y: -14.0523205}
  - {x: -4.6535745, y: -14.601662}
  - {x: -4.5759706, y: -3.172821}
  - {x: -4.2200813, y: 4.27131}
  - {x: 4.5759706, y: -3.172821}
  - {x: 4.2200813, y: 4.27131}
  - {x: -2.4550636, y: 4.5521393}
  - {x: -2.0917265, y: -14.0523205}
  - {x: 4.6535745, y: -14.601662}
  - {x: 3.38772, y: 0}
  - {x: -4.0649133, y: 0}
  - {x: 3.38772, y: 0.1}
  - {x: -4.0649133, y: 0.1}
  - {x: 4.0368123, y: 0}
  - {x: -2.644237, y: 0}
  - {x: 4.0368123, y: 0.1}
  - {x: -2.644237, y: 0.1}
  - {x: 4.5992084, y: 0}
  - {x: -14.008799, y: 0}
  - {x: 4.5992084, y: 0.1}
  - {x: -14.008799, y: 0.1}
  - {x: 0.9441716, y: 0}
  - {x: -5.823462, y: 0}
  - {x: 0.9441716, y: 0.1}
  - {x: -5.823462, y: 0.1}
  - {x: 14.632923, y: 0}
  - {x: 3.2038188, y: 0}
  - {x: 14.632923, y: 0.1}
  - {x: 3.2038188, y: 0.1}
  m_Textures2: []
  m_Textures3: []
  m_Tangents:
  - {x: 1, y: 0, z: 0, w: -1}
  - {x: 1, y: 0, z: 0, w: -1}
  - {x: 1, y: 0, z: 0, w: -1}
  - {x: 1, y: 0, z: 0, w: -1}
  - {x: 1, y: 0, z: 0, w: -1}
  - {x: -1, y: 0, z: 0, w: -1}
  - {x: -1, y: 0, z: 0, w: -1}
  - {x: -1, y: 0, z: 0, w: -1}
  - {x: -1, y: 0, z: 0, w: -1}
  - {x: -1, y: 0, z: 0, w: -1}
  - {x: -0.0477535, y: 0, z: -0.99885917, w: -1}
  - {x: -0.0477535, y: 0, z: -0.99885917, w: -1}
  - {x: -0.0477535, y: 0, z: -0.99885917, w: -1}
  - {x: -0.0477535, y: 0, z: -0.99885917, w: -1}
  - {x: -0.9991162, y: 0, z: -0.04203373, w: -1}
  - {x: -0.9991162, y: 0, z: -0.04203373, w: -1}
  - {x: -0.9991162, y: 0, z: -0.04203373, w: -1}
  - {x: -0.9991162, y: 0, z: -0.04203373, w: -1}
  - {x: 0.019525846, y: 0, z: 0.9998094, w: -1}
  - {x: 0.019525846, y: 0, z: 0.9998094, w: -1}
  - {x: 0.019525846, y: 0, z: 0.9998094, w: -1}
  - {x: 0.019525846, y: 0, z: 0.9998094, w: -1}
  - {x: 0.99670017, y: 0, z: 0.08117183, w: -1}
  - {x: 0.99670017, y: 0, z: 0.08117183, w: -1}
  - {x: 0.99670017, y: 0, z: 0.08117183, w: -1}
  - {x: 0.99670017, y: 0, z: 0.08117183, w: -1}
  - {x: -0.0067900177, y: 0, z: -0.999977, w: -1}
  - {x: -0.0067900177, y: 0, z: -0.999977, w: -1}
  - {x: -0.0067900177, y: 0, z: -0.999977, w: -1}
  - {x: -0.0067900177, y: 0, z: -0.999977, w: -1}
  m_Colors: []
  m_UnwrapParameters:
    m_HardAngle: 88
    m_PackMargin: 20
    m_AngleError: 8
    m_AreaError: 15
  m_PreserveMeshAssetOnDestroy: 0
  assetGuid: 
  m_Mesh: {fileID: 0}
  m_IsSelectable: 1
  m_SelectedFaces: 
  m_SelectedEdges: []
  m_SelectedVertices: 
--- !u!114 &2957736526049202975
MonoBehaviour:
  m_ObjectHideFlags: 0
  m_CorrespondingSourceObject: {fileID: 0}
  m_PrefabInstance: {fileID: 0}
  m_PrefabAsset: {fileID: 0}
  m_GameObject: {fileID: 8294534683927228819}
  m_Enabled: 1
  m_EditorHideFlags: 0
  m_Script: {fileID: 11500000, guid: bb977b126bc1b4f15813dcf9da9bb600, type: 3}
  m_Name: 
  m_EditorClassIdentifier: 
  m_Points:
  - {x: 2.4550636, y: 0, z: 4.5521393}
  - {x: 2.0917265, y: 0, z: -14.0523205}
  - {x: -4.6535745, y: 0, z: -14.601662}
  - {x: -4.5759706, y: 0, z: -3.172821}
  - {x: -4.2200813, y: 0, z: 4.27131}
  m_Extrude: 0.1
  m_EditMode: 0
  m_FlipNormals: 0
  isOnGrid: 0
--- !u!23 &1391191765120453699
MeshRenderer:
  m_ObjectHideFlags: 0
  m_CorrespondingSourceObject: {fileID: 0}
  m_PrefabInstance: {fileID: 0}
  m_PrefabAsset: {fileID: 0}
  m_GameObject: {fileID: 8294534683927228819}
  m_Enabled: 1
  m_CastShadows: 1
  m_ReceiveShadows: 1
  m_DynamicOccludee: 1
  m_MotionVectors: 1
  m_LightProbeUsage: 1
  m_ReflectionProbeUsage: 1
  m_RayTracingMode: 2
  m_RayTraceProcedural: 0
  m_RenderingLayerMask: 1
  m_RendererPriority: 0
  m_Materials:
  - {fileID: 2100000, guid: 518dd5a3eb2d543de86fa777224e91b9, type: 2}
  m_StaticBatchInfo:
    firstSubMesh: 0
    subMeshCount: 0
  m_StaticBatchRoot: {fileID: 0}
  m_ProbeAnchor: {fileID: 0}
  m_LightProbeVolumeOverride: {fileID: 0}
  m_ScaleInLightmap: 1
  m_ReceiveGI: 1
  m_PreserveUVs: 0
  m_IgnoreNormalsForChartDetection: 0
  m_ImportantGI: 0
  m_StitchLightmapSeams: 1
  m_SelectedEditorRenderState: 2
  m_MinimumChartSize: 4
  m_AutoUVMaxDistance: 0.5
  m_AutoUVMaxAngle: 89
  m_LightmapParameters: {fileID: 0}
  m_SortingLayerID: 0
  m_SortingLayer: 0
  m_SortingOrder: 0
  m_AdditionalVertexStreams: {fileID: 0}
--- !u!33 &838753239561584928
MeshFilter:
  m_ObjectHideFlags: 0
  m_CorrespondingSourceObject: {fileID: 0}
  m_PrefabInstance: {fileID: 0}
  m_PrefabAsset: {fileID: 0}
  m_GameObject: {fileID: 8294534683927228819}
  m_Mesh: {fileID: 0}
--- !u!64 &2784372222789247755
MeshCollider:
  m_ObjectHideFlags: 0
  m_CorrespondingSourceObject: {fileID: 0}
  m_PrefabInstance: {fileID: 0}
  m_PrefabAsset: {fileID: 0}
  m_GameObject: {fileID: 8294534683927228819}
  m_Material: {fileID: 0}
  m_IsTrigger: 1
  m_Enabled: 1
  serializedVersion: 4
  m_Convex: 1
  m_CookingOptions: 30
  m_Mesh: {fileID: 0}
--- !u!114 &8294534683927228818
MonoBehaviour:
  m_ObjectHideFlags: 0
  m_CorrespondingSourceObject: {fileID: 0}
  m_PrefabInstance: {fileID: 0}
  m_PrefabAsset: {fileID: 0}
  m_GameObject: {fileID: 8294534683927228819}
  m_Enabled: 1
  m_EditorHideFlags: 0
  m_Script: {fileID: 11500000, guid: 08c8475347adc43068ffbc750d554fe5, type: 3}
  m_Name: 
  m_EditorClassIdentifier: 
  type: 0
  requiredTires: 0
